@inproceedings{keane2002data,
  title={A data parallel approach for large-scale gaussian process modeling},
  author={Keane, A.J. and Choudhury, A. and Nair, P.B. and Choudhury, A.J.K.F. and Nair, PB},
  booktitle={in Proc. the Second SIAM International Conference on Data Mining},
  year={2002},
  organization={Citeseer}
}

@article{melkumyan2009sparse,
  title={A sparse covariance function for exact gaussian process inference in large datasets},
  author={Melkumyan, A. and Ramos, F.},
  journal={The 21st IJCAI},
  year={2009}
}

@book{rasmussen2006gaussian,
  title={Gaussian processes for machine learning},
  author={Rasmussen, C.E. and Williams, C.K.I.},
  volume={1},
  year={2006},
  publisher={MIT press Cambridge, MA}
}

@inproceedings{chandola2011implementing,
  title={Implementing a gaussian process learning algorithm in mixed parallel environment},
  author={Chandola, V. and Vatsavai, R.R.},
  booktitle={Proceedings of the second workshop on Scalable algorithms for large-scale systems},
  pages={3--6},
  year={2011},
  organization={ACM}
}

@article{aizerman1964theoretical,
  title={Theoretical foundations of the potential function method in pattern recognition learning},
  author={Aizerman, A. and Braverman, E.M. and Rozoner, LI},
  journal={Automation and remote control},
  volume={25},
  pages={821--837},
  year={1964}
}

@inproceedings{seeger2003fast,
  title={Fast forward selection to speed up sparse Gaussian process regression},
  author={Seeger, M. and Williams, C.K.I. and Lawrence, N.D.},
  booktitle={Workshop on AI and Statistics},
  volume={9},
  pages={2003},
  year={2003}
}

@article{lawrence2002fast,
  title={Fast sparse Gaussian process methods: The informative vector machine},
  author={Lawrence, N.D. and Seeger, M. and Herbrich, R.},
  journal={Advances in neural information processing systems},
  volume={15},
  pages={609--616},
  year={2002}
}

@article{balay2012petsc,
  title={PETSc Users Manual Revision 3.3},
  author={Balay, S. and Brown, J. and Buschelman, K. and Eijkhout, V. and Gropp, W. and Kaushik, D. and Knepley, M. and McInnes, L.C. and Smith, B. and Zhang, H.},
  year={2012}
}

@Misc{petsc-web-page,
  Author = "Satish Balay and Jed Brown and Kris Buschelman and William D. Gropp and Dinesh Kaushik and Matthew G. Knepley and Lois Curfman McInnes and Barry F. Smith and Hong Zhang",
  Title = "{PETSc} {W}eb page",
  Note = "http://www.mcs.anl.gov/petsc",
  Year = "2012"
}

@TechReport{petsc-user-ref,
  Author="Satish Balay and Jed Brown and and Kris Buschelman and Victor Eijkhout and William D.  Gropp and Dinesh Kaushik and Matthew G. Knepley and Lois Curfman McInnes and Barry F. Smith and Hong Zhang",
  Title = "{PETS}c Users Manual",
  Number = "ANL-95/11 - Revision 3.3",
  Institution = "Argonne National Laboratory",
  Year = "2012"
}

@InProceedings{petsc-efficient,
  Author = "Satish Balay and William D. Gropp and Lois Curfman McInnes and Barry F.  Smith",
  Title = "Efficient Management of Parallelism in Object Oriented Numerical Software Libraries",
  Booktitle = "Modern Software Tools in Scientific Computing",
  Editor = "E. Arge and A. M. Bruaset and H. P. Langtangen",
  Pages = "163--202",
  Publisher = "Birkh{\"{a}}user Press",
  Year = "1997"
}

@misc{hestenes1952methods,
  title={Methods of conjugate gradients for solving linear systems},
  author={Hestenes, M.R. and Stiefel, E.},
  year={1952},
  publisher={NBS}
}

@inproceedings{smola2001sparse,
  title={Sparse greedy Gaussian process regression},
  author={Smola, A.J. and Bartlett, P.},
  booktitle={Advances in Neural Information Processing Systems 13},
  year={2001},
  organization={Citeseer}
}

@article{williams2001using,
  title={Using the Nystrom method to speed up kernel machines},
  author={Williams, C.K.I. and Seeger, M.},
  journal={Advances in neural information processing systems},
  pages={682--688},
  year={2001},
  publisher={MIT; 1998}
}
